@article{mcfarland2014mind,
  title={Mind the Gap: Can Developers of Autonomous Weapons Systems Be Liable for War Crimes},
  author={McFarland, Tim and McCormack, Tim},
  journal={Int'l L. Stud. Ser. US Naval War Col.},
  volume={90},
  pages={i},
  year={2014},
  publisher={HeinOnline}
}

@online{elonmuskTweet,
  title={However, when self-driving cars become safer than human-driven cars, the public may outlaw the latter. Hopefully not.},
  author={Elon Musk},
  year={2015},
  month={March},
  url = {https://twitter.com/elonmusk/status/577946893646364673},
  publisher={Twitter}
}

@online{Chatfield2014automate,
  title={Competing approaches to predicting supreme court decision making},
  author={Tom Chatfield},
  year={2014},
  month={March},
  url = {http://aeon.co/magazine/technology/can-we-design-systems-to-automate-ethics/},
  publisher={Tom Chatfield}
}

@online{Kravets2014Court,
  title={Algorithm predicts US Supreme Court decisions 70\% of time},
  author={David Kravets},
  year={2014},
  month={July},
  url = {http://arstechnica.com/science/2014/07/30/algorithm-predicts-us-supreme-court-decisions-70-of-time/},
  publisher={Ars technica}
}

@article{martin2004competing,
  title={Competing approaches to predicting supreme court decision making},
  author={Martin, Andrew D and Quinn, Kevin M and Ruger, Theodore W and Kim, Pauline T},
  journal={Perspectives on Politics},
  volume={2},
  number={04},
  pages={761--767},
  year={2004},
  publisher={Cambridge Univ Press}
}

@article{weizenbaum1976computer,
  title={Computer power and human reason: From judgment to calculation.},
  author={Weizenbaum, Joseph},
  year={1976},
  publisher={WH Freeman \& Co}
}

@book{hansson2008teknik,
  title={Teknik och etik},
  author={Hansson, Sven Ove and Grill, Kalle},
  year={2008},
  publisher={KTH: s filosofienhet}
}

@article{hawking2014transcending,
  title={Transcending complacency on superintelligent machines},
  author={Hawking, Stephen and Tegmark, Max and Russell, Stuart and Wilczek, Frank},
  journal={Huffington Post},
  year={2014}
}

@incollection{kavathatzopoulos2013can,
  title={Can Machines Make Ethical Decisions?},
  author={Kavathatzopoulos, Iordanis and Asai, Ryoko},
  booktitle={Artificial Intelligence Applications and Innovations},
  pages={693--699},
  year={2013},
  publisher={Springer}
}

@article{anderson2010robot,
  title={Robot be good: a call for ethical autonomous machines},
  author={Anderson, M and Anderson, SL},
  journal={Scientific American, October},
  year={2010}
}

@article{bostrom2013ethics,
  title={The ethics of artificial intelligence},
  author={Bostrom, Nick and Yudkowsky, Eliezer},
  journal={Cambridge Handbook of Artificial Intelligence},
  year={2013},
  publisher={Cambridge University Press, United Kingdom}
}

@article{andersen2014enthusiasts,
  title={Enthusiasts and skeptics debate artificial intelligence},
  author={Andersen, K},
  journal={Vanity Fair},
  volume={26},
  year={2014}
}

@incollection{veruggio2008roboethics,
  title={Roboethics: Social and ethical implications of robotics},
  author={Veruggio, Gianmarco and Operto, Fiorella},
  booktitle={Springer handbook of robotics},
  pages={1499--1524},
  year={2008},
  publisher={Springer}
}

@misc{davis2014ethical,
  title={Ethical Guidelines for A Superintelligence},
  author={Davis, Ernest},
  year={2014},
  publisher={Elsevier}
}

@article{yudkowsky2008artificial,
  title={Artificial intelligence as a positive and negative factor in global risk},
  author={Yudkowsky, Eliezer},
  journal={Global catastrophic risks},
  volume={1},
  pages={303},
  year={2008},
  publisher={Oxford University Press}
}

@article{moor2006nature,
  title={The nature, importance, and difficulty of machine ethics},
  author={Moor, James H},
  journal={Intelligent Systems, IEEE},
  volume={21},
  number={4},
  pages={18--21},
  year={2006},
  publisher={IEEE}
}

@misc{davis2014ethical,
  title={Ethical Guidelines for A Superintelligence},
  author={Davis, Ernest},
  year={2014},
  publisher={Elsevier}
}

@article{bostrom2013ethics,
  title={The ethics of artificial intelligence},
  author={Bostrom, Nick and Yudkowsky, Eliezer},
  journal={Cambridge Handbook of Artificial Intelligence},
  year={2013},
  publisher={Cambridge University Press, United Kingdom}
}
